@article{conselice2016evolution,
  title={The evolution of galaxy number density at z< 8 and its implications},
  author={Conselice, Christopher J and Wilkinson, Aaron and Duncan, Kenneth and Mortlock, Alice},
  journal={The Astrophysical Journal},
  volume={830},
  number={2},
  pages={83},
  year={2016},
  publisher={IOP Publishing}
}

@article{el2101million,
  title={A million binaries from Gaia eDR3: sample selection and validation of Gaia parallax uncertainties},
  author={El-Badry, Kareem and Rix, Hans-Walter and Heintz, Tyler M},
  journal={arXiv preprint arXiv:2101.05282}
}

@article{wenger2000simbad,
  title={The SIMBAD astronomical database-The CDS reference database for astronomical objects},
  author={Wenger, Marc and Ochsenbein, Fran{\c{c}}ois and Egret, Daniel and Dubois, Pascal and Bonnarel, Fran{\c{c}}ois and Borde, Suzanne and Genova, Fran{\c{c}}oise and Jasniewicz, G{\'e}rard and Lalo{\"e}, Suzanne and Lesteven, Soizick and others},
  journal={Astronomy and Astrophysics Supplement Series},
  volume={143},
  number={1},
  pages={9--22},
  year={2000},
  publisher={EDP Sciences}
}

@article{mayor1995jupiter,
  title={A Jupiter-mass companion to a solar-type star},
  author={Mayor, Michel and Queloz, Didier},
  journal={Nature},
  volume={378},
  number={6555},
  pages={355--359},
  year={1995},
  publisher={Nature Publishing Group}
}

@book{seager2010exoplanets,
  title={Exoplanets},
  author={Seager, Sara},
  year={2010}
}

@article{bailey2013hd,
  title={HD 106906 b: A planetary-mass companion outside a massive debris disk},
  author={Bailey, Vanessa and Meshkat, Tiffany and Reiter, Megan and Morzinski, Katie and Males, Jared and Su, Kate YL and Hinz, Philip M and Kenworthy, Matthew and Stark, Daniel and Mamajek, Eric and others},
  journal={The Astrophysical Journal Letters},
  volume={780},
  number={1},
  pages={L4},
  year={2013},
  publisher={IOP Publishing}
}

@inproceedings{males2014direct,
  title={Direct imaging of exoplanets in the habitable zone with adaptive optics},
  author={Males, Jared R and Close, Laird M and Guyon, Olivier and Morzinski, Katie and Puglisi, Alfio and Hinz, Philip and Follette, Katherine B and Monnier, John D and Tolls, Volker and Rodigas, Timothy J and others},
  booktitle={Adaptive Optics Systems IV},
  volume={9148},
  pages={914820},
  year={2014},
  organization={International Society for Optics and Photonics}
}

@article{guyon2005,
  title={Limits of adaptive optics for high-contrast imaging},
  author={Guyon, Olivier},
  journal={The Astrophysical Journal},
  volume={629},
  number={1},
  pages={592},
  year={2005},
  publisher={IOP Publishing}
}

@article{males2019gmagao,
  title={GMagAO-X: extreme adaptive optics \& coronagraphy for GMT at first light},
  author={Males, Jared and Close, Laird M and Guyon, Olivier and Sitarski, Breann and Bouchez, Antonin and Weinberger, Alycia and Fitzgerald, Michael P},
  journal={BAAS},
  volume={51},
  number={7},
  pages={236},
  year={2019}
}

@article{weisstein2002zernike,
  title={Zernike polynomial},
  author={Weisstein, Eric W},
  journal={https://mathworld. wolfram. com/},
  year={2002},
  publisher={Wolfram Research, Inc.}
}

@article{Hsieh:20,
author = {Y. H. Hsieh and Y. T. Yu and Y. H. Lai and M. X. Hsieh and Y. F. Chen},
journal = {Opt. Express},
keywords = {Atmospheric turbulence; Discrete Fourier transforms; Fast Fourier transforms; Laser resonators; Pattern recognition; Zernike polynomials},
number = {2},
pages = {936--947},
publisher = {OSA},
title = {Integral-based parallel algorithm for the fast generation of the Zernike polynomials},
volume = {28},
month = {Jan},
year = {2020},
url = {http://www.opticsexpress.org/abstract.cfm?URI=oe-28-2-936},
doi = {10.1364/OE.380567},
abstract = {The integral representation of the Zernike radial functions is well approximated by applying the Riemann sums with a surprisingly rapid convergence. The errors of the Riemann sums are found to averagely be not exceed 3 \&\#x00D7;10\&\#x2212;14, 3.3\&\#x00D7;10\&\#x2212;14, and 1.8\&\#x00D7;10\&\#x2212;13 for the radial order up to 30, 50, and 100, respectively. Moreover, a parallel algorithm based on the Riemann sums is proposed to directly generate a set of radial functions. With the aid of the graphics processing units (GPUs), the algorithm shows an acceleration ratio up to 200-fold over the traditional CPU computation. The fast generation for a set of Zernike radial polynomials is expected to be valuable in further applications, such as the aberration analysis and the pattern recognition.},
}

@inproceedings{masalehdan2010modeling,
  title={Modeling of Zernike optical aberrations by MTF and PSF},
  author={Masalehdan, Hossein and Lotfi, Erik and Lotfi, Afshin and Jamshidi-Ghaleh, Kazem},
  booktitle={Biomedical Optics},
  pages={JMA98},
  year={2010},
  organization={Optical Society of America}
}

@article{roddier1999adaptive,
  title={Adaptive optics in astronomy},
  author={Roddier, Fran{\c{c}}ois},
  year={1999},
  publisher={Cambridge university press}
}

@article{kane2018maximum,
  title={Maximum Angular Separation Epochs for Exoplanet Imaging Observations},
  author={Kane, Stephen R and Meshkat, Tiffany and Turnbull, Margaret C},
  journal={The Astronomical Journal},
  volume={156},
  number={6},
  pages={267},
  year={2018},
  publisher={IOP Publishing}
}

@inproceedings{fanson2018overview,
  title={Overview and status of the Giant Magellan Telescope project},
  author={Fanson, James and McCarthy, Patrick J and Bernstein, Rebecca and Angeli, George and Ashby, David and Bigelow, Bruce and Bouchez, Antonin and Burgett, William and Chauvin, Eric and Contos, Adam and others},
  booktitle={Ground-based and Airborne Telescopes VII},
  volume={10700},
  pages={1070012},
  year={2018},
  organization={International Society for Optics and Photonics}
}


nce 

@inproceedings{males2018magao,
  title={MagAO-X: project status and first laboratory results},
  author={Males, Jared R and Close, Laird M and Miller, Kelsey and Schatz, Lauren and Doelman, David and Lumbres, Jennifer and Snik, Frans and Rodack, Alex and Knight, Justin and Van Gorkom, Kyle and others},
  booktitle={Adaptive Optics Systems VI},
  volume={10703},
  pages={1070309},
  year={2018},
  organization={International Society for Optics and Photonics}
}

@article{ragazzoni1996pupil,
  title={Pupil plane wavefront sensing with an oscillating prism},
  author={Ragazzoni, Roberto},
  journal={Journal of modern optics},
  volume={43},
  number={2},
  pages={289--293},
  year={1996},
  publisher={Taylor \& Francis}
}


@UNPUBLISHED{pyramidfig,
    title={AO tutorial at CTIO},
    author= {A. Tokovinin},
    institutions={CTIO},
    year={2001},
    month={May},
    url={http://www.ctio.noao.edu/~atokovin/tutorial/intro.html},
    type={website}
}

@article{rabien2019argos,
  title={ARGOS at the LBT-Binocular laser guided ground-layer adaptive optics},
  author={Rabien, S and Angel, R and Barl, L and Beckmann, U and Busoni, LORENZO and Belli, S and Bonaglia, MARCO and Borelli, J and Brynnel, J and Buschkamp, P and others},
  journal={Astronomy \& Astrophysics},
  volume={621},
  pages={A4},
  year={2019},
  publisher={EDP Sciences}
}

@article{abdurrahman2018improved,
  title={Improved Image Quality over 10′ Fields with the ʻImaka Ground-layer Adaptive Optics Experiment},
  author={Abdurrahman, FN and Lu, Jessica R and Chun, Mark and Lai, O and F{\"o}hring, D and Toomey, D and Baranec, C and others},
  journal={The Astronomical Journal},
  volume={156},
  number={3},
  pages={100},
  year={2018},
  publisher={IOP Publishing}
}

@article{neichel2014gemini,
  title={Gemini multiconjugate adaptive optics system review--II. Commissioning, operation and overall performance},
  author={Neichel, Benoit and Rigaut, Fran{\c{c}}ois and Vidal, Fabrice and van Dam, Marcos A and Garrel, Vincent and Carrasco, Eleazar Rodrigo and Pessev, Peter and Winge, Claudia and Boccas, Maxime and d'Orgeville, C{\'e}line and others},
  journal={Monthly Notices of the Royal Astronomical Society},
  volume={440},
  number={2},
  pages={1002--1019},
  year={2014},
  publisher={The Royal Astronomical Society}
}

%% report.bib - contains BiBtex input for bibliography

@INPROCEEDINGS {GuyonELTExo,
   author = {{Guyon}, O. and {Martinache}, F.},
    title = "{How Extremely Large Telescopes (ELTs) will Acquire the First Spectra of Rocky Habitable Planets}",
booktitle = {American Astronomical Society Meeting Abstracts \#221},
     year = 2013,
   series = {American Astronomical Society Meeting Abstracts},
   volume = 221,
    month = jan,
      eid = {419.05},
    pages = {419.05},
   adsurl = {http://adsabs.harvard.edu/abs/2013AAS...22141905G},
  adsnote = {Provided by the SAO/NASA Astrophysics Data System}
}
	
@INPROCEEDINGS{MalesELTExo,
   author = {{Males}, J.~R. and {Close}, L.~M. and {Guyon}, O. and {Morzinski}, K. and 
	{Puglisi}, A. and {Hinz}, P. and {Follette}, K.~B. and {Monnier}, J.~D. and 
	{Tolls}, V. and {Rodigas}, T.~J. and {Weinberger}, A. and {Boss}, A. and 
	{Kopon}, D. and {Wu}, Y.-l. and {Esposito}, S. and {Riccardi}, A. and 
	{Xompero}, M. and {Briguglio}, R. and {Pinna}, E.},
    title = "{Direct imaging of exoplanets in the habitable zone with adaptive optics}",
booktitle = {Adaptive Optics Systems IV},
     year = 2014,
   series = {\procspie},
   volume = 9148,
archivePrefix = "arXiv",
   eprint = {1407.5099},
 primaryClass = "astro-ph.IM",
    month = jul,
      eid = {914820},
    pages = {914820},
      doi = {10.1117/12.2057135},
   adsurl = {http://adsabs.harvard.edu/abs/2014SPIE.9148E..20M},
  adsnote = {Provided by the SAO/NASA Astrophysics Data System}
}

@article{conselice2016evolution,
  title={The evolution of galaxy number density at z< 8 and its implications},
  author={Conselice, Christopher J and Wilkinson, Aaron and Duncan, Kenneth and Mortlock, Alice},
  journal={The Astrophysical Journal},
  volume={830},
  number={2},
  pages={83},
  year={2016},
  publisher = {IOP Publishing}
}



@inproceedings{males2014direct,
  title={Direct imaging of exoplanets in the habitable zone with adaptive optics},
  author={Males, Jared R and Close, Laird M and Guyon, Olivier and Morzinski, Katie and Puglisi, Alfio and Hinz, Philip and Follette, Katherine B and Monnier, John D and Tolls, Volker and Rodigas, Timothy J and others},
  booktitle={Adaptive Optics Systems IV},
  volume={9148},
  pages={914820},
  year={2014},
  organization={International Society for Optics and Photonics}
}



@article{kane2018maximum,
  title={Maximum Angular Separation Epochs for Exoplanet Imaging Observations},
  author={Kane, Stephen R and Meshkat, Tiffany and Turnbull, Margaret C},
  journal={The Astronomical Journal},
  volume={156},
  number={6},
  pages={267},
  year={2018},
  publisher={IOP Publishing}
}

@inproceedings{fanson2018overview,
  title={Overview and status of the Giant Magellan Telescope project},
  author={Fanson, James and McCarthy, Patrick J and Bernstein, Rebecca and Angeli, George and Ashby, David and Bigelow, Bruce and Bouchez, Antonin and Burgett, William and Chauvin, Eric and Contos, Adam and others},
  booktitle={Ground-based and Airborne Telescopes VII},
  volume={10700},
  pages={1070012},
  year={2018},
  organization={International Society for Optics and Photonics}
}

@article{linfoot1948theory,
  title={On the theory of the zonal Foucault test},
  author={Linfoot, EH},
  journal={Monthly Notices of the Royal Astronomical Society},
  volume={108},
  number={6},
  pages={428--445},
  year={1948},
  publisher={Oxford University Press Oxford, UK}
}

@article{wilson1975wavefront,
  title={Wavefront-error evaluation by mathematical analysis of experimental Foucault-test data},
  author={Wilson, R Gale},
  journal={Applied optics},
  volume={14},
  number={9},
  pages={2286--2297},
  year={1975},
  publisher={Optical Society of America}
}


@book{katzoff1971quantitative,
  title={Quantitative determination of optical imperfections by mathematical analysis of the Foucault knife-edge test pattern},
  author={Katzoff, Samuel},
  volume={6119},
  year={1971},
  publisher={National Aeronautics and Space Administration}
}

@phdthesis{buchler2004development,
  title={Development of a new Infrared Pyramid Wavefront Sensor},
  author={B{\"u}chler de Matos Costa Paccetti Correia, Joana},
  year={2004}
}
@article{ragazzoni2002pyramid,
  title={A pyramid wavefront sensor with no dynamic modulation},
  author={Ragazzoni, Roberto and Diolaiti, Emiliano and Vernet, Elise},
  journal={Optics communications},
  volume={208},
  number={1-3},
  pages={51--60},
  year={2002},
  publisher={Elsevier}
}

@inproceedings{codona2018comparative,
  title={Comparative Performance of a 3-Sided and 4-Sided Pyramid Wavefront Sensor},
  author={Codona, Johanan L and Hart, Michael and Schatz, L and Mateen, Mala},
  booktitle={Advanced Maui Optical and Space Surveillance Technologies Conference},
  year={2018}
}

@inproceedings{OOMAO,
  title={Object-oriented Matlab adaptive optics toolbox},
  author={Conan, Rodolphe and Correia, C},
  booktitle={Adaptive optics systems IV},
  volume={9148},
  pages={91486C},
  year={2014},
  organization={International Society for Optics and Photonics}
}

@article{janin2019adaptive,
  title={Adaptive optics with programmable Fourier-based wavefront sensors: a spatial light modulator approach to the LOOPS testbed},
  author={Janin-Potiron, Pierre and Chambouleyron, Vincent and Schatz, Lauren and Fauvarque, Olivier and Bond, Charlotte Z and Abautret, Yannick and Muslimov, Eduard and El-Hadi, Kacem and Sauvage, Jean-Fran{\c{c}}ois and Dohlen, Kjetil and others},
  journal={arXiv preprint arXiv:1903.06599},
  year={2019}
}

@inproceedings{fanson2020overview,
  title={Overview and status of the Giant Magellan Telescope project},
  author={Fanson, James and Bernstein, Rebecca and Angeli, George and Ashby, David and Bigelow, Bruce and Brossus, Glenn and Bouchez, Antonin and Burgett, William and Contos, Adam and Demers, Richard and others},
  booktitle={Ground-based and Airborne Telescopes VIII},
  volume={11445},
  pages={114451F},
  year={2020},
  organization={International Society for Optics and Photonics}
}

@inproceedings{ramsay2020eso,
  title={The {ESO} Extremely Large Telescope instrumentation programme},
  author={Ramsay, Suzanne and Amico, Paola and Bezawada, Naidu and Cirasuolo, Michele and Derie, Fr{\'e}d{\'e}ric and Egner, Sebastian and George, Elizabeth and Gont{\'e}, Fr{\'e}d{\'e}ric and Herrera, Juan Carlos Gonz{\'a}lez and Hammersley, Peter and others},
  booktitle={Advances in Optical Astronomical Instrumentation 2019},
  volume={11203},
  pages={1120303},
  year={2020},
  organization={International Society for Optics and Photonics}
}

@inproceedings{chisholm2020thirty,
  title={Thirty Meter Telescope: A status update on the first light instruments and the path beyond into early light instruments},
  author={Chisholm, Eric M and Larkin, James E and Wright, Shelley A and Miles, John and Liu, Fengchuan and Mawet, Dimitri},
  booktitle={Ground-based and Airborne Instrumentation for Astronomy VIII},
  volume={11447},
  pages={114471V},
  year={2020},
  organization={International Society for Optics and Photonics}
}

@inproceedings{currie2020sky,
  title={On-sky performance and recent results from the Subaru coronagraphic extreme adaptive optics system},
  author={Currie, Thayne and Guyon, Olivier and Lozi, Julien and Sahoo, Ananya and Vievard, Sebastien and Deo, Vincent and Chilcote, Jeffrey and Groff, Tyler and Brandt, Timothy D and Lawson, Kellen and others},
  booktitle={Adaptive Optics Systems VII},
  volume={11448},
  pages={114487H},
  year={2020},
  organization={International Society for Optics and Photonics}
}

@article{otten2020direct,
  title={Direct characterization of young giant exoplanets at high spectral resolution by coupling {SPHERE} and {CRIRES}+},
  author={Otten, GPPL and Vigan, A and Muslimov, E and N'Diaye, Mamadou and Choquet, E and Seemann, U and Dohlen, K and Houll{\'e}, M and Cristofari, P and Phillips, MW and others},
  journal={arXiv preprint arXiv:2009.01841},
  year={2020}
}

@inproceedings{chilcote2020gpi,
  title={{GPI} 2.0: upgrading the Gemini Planet Imager},
  author={Chilcote, Jeffrey and Konopacky, Quinn and De Rosa, Robert J and Hamper, Randall and Macintosh, Bruce and Marois, Christian and Perrin, Marshall D and Savransky, Dmitry and Soummer, R{\'e}mi and V{\'e}ran, Jean-Pierre and others},
  booktitle={Ground-based and Airborne Instrumentation for Astronomy VIII},
  volume={11447},
  pages={114471S},
  year={2020},
  organization={International Society for Optics and Photonics}
}

@inproceedings{close2018status,
  title={Status of {MagAO} and review of astronomical science with visible light adaptive optics},
  author={Close, Laird M and Males, Jared R and Morzinski, Katie M and Esposito, Simone and Riccardi, Armando and Briguglio, Runa and Follette, Kate B and Wu, Ya-Lin and Pinna, Enrico and Puglisi, Alfio and others},
  booktitle={Adaptive Optics Systems VI},
  volume={10703},
  pages={107030L},
  year={2018},
  organization={International Society for Optics and Photonics}
}

@inproceedings{males2020magao,
  title={{MagAO-X} first light},
  author={Males, Jared R and Close, Laird M and Guyon, Olivier and Hedglen, Alexander D and Van Gorkom, Kyle and Long, Joseph D and Kautz, Maggie and Lumbres, Jennifer and Schatz, Lauren and Rodack, Alexander and others},
  booktitle={Adaptive Optics Systems VII},
  volume={11448},
  pages={114484L},
  year={2020},
  organization={International Society for Optics and Photonics}
}

@article{fitzgerald2019planetary,
  title={The Planetary Systems Imager for {TMT}},
  author={Fitzgerald, Michael and Bailey, Vanessa and Baranec, Christoph and Batalha, Natasha and Benneke, Bj{\"o}rn and Beichman, Charles and Brandt, Timothy and Chilcote, Jeffrey and Chun, Mark and Crossfield, Ian and others},
  journal={Bulletin of the American Astronomical Society},
  volume={51},
  number={7},
  pages={251},
  year={2019}
}

@inproceedings{guyon2018wavefront,
  title={Wavefront control architecture and expected performance for the {TMT} Planetary Systems Imager},
  author={Guyon, Olivier and Mazin, Benjamin and Fitzgerald, Michael and Mawet, Dimitri and Marois, Christian and Skemer, Andy and Lozi, Julien and Males, Jared},
  booktitle={Adaptive Optics Systems VI},
  volume={10703},
  pages={107030Z},
  year={2018},
  organization={International Society for Optics and Photonics}
}

@inproceedings{davies2018micado,
  title={The {MICADO} first light imager for the {ELT}: overview, operation, simulation},
  author={Davies, Richard and Alves, Jo{\~a}o and Clenet, Yann and Lang-Bardl, Florian and Nicklas, Harald and Pott, J-U and Ragazzoni, Roberto and Tolstoy, Eline and Amico, Paola and Anwand-Heerwart, Heiko and others},
  booktitle={Ground-based and Airborne Instrumentation for Astronomy VII},
  volume={10702},
  pages={107021S},
  year={2018},
  organization={International Society for Optics and Photonics}
}


@book{goodman2005introduction,
  title={Introduction to Fourier optics},
  author={Goodman, Joseph W},
  year={2005},
  publisher={Roberts and Company Publishers}
}

@book{poularikas2018handbook,
  title={Handbook of formulas and tables for signal processing},
  author={Poularikas, Alexander D},
  year={2018},
  publisher={CRC press}
}

@article{villa2014foucault,
  title={Foucault test: shadowgram modeling from the physical theory for quantitative evaluations},
  author={Villa, Jes{\'u}s and Rodr{\'\i}guez, Gustavo and de la Rosa, Ismael and Ivanov, Rumen and Saucedo, Tonatiuh and Gonz{\'a}lez, Efr{\'e}n},
  journal={JOSA A},
  volume={31},
  number={12},
  pages={2719--2722},
  year={2014},
  publisher={Optical Society of America}
}

@inproceedings{pinna2016soul,
  title={{SOUL}: the Single conjugated adaptive Optics Upgrade for LBT},
  author={Pinna, Enrico and Esposito, Simone and Hinz, P and Agapito, GUIDO and Bonaglia, MARCO and Puglisi, A and Xompero, MARCO and Riccardi, Armando and Briguglio, R and Arcidiacono, CARMELO and others},
  booktitle={Adaptive Optics Systems V},
  volume={9909},
  pages={99093V},
  year={2016},
  organization={International Society for Optics and Photonics}
}

@article{suarez2017approach,
  title={An approach using deep learning for tomographic reconstruction in solar observation},
  author={Su{\'a}rez-G{\'o}mez, Sergio Luis and Gonz{\'a}lez-Guti{\'e}rrez, Carlos and S{\'a}nchez-Lasheras, Fernando and Basden, AG and Montilla, Ic{\'\i}ar and de Cos Juez, FJ and Collados-Vera, M},
  journal={Proceedings of the Adaptive Optics for Extremely Large Telescopes},
  volume={5},
  year={2017}
}

@article{jovanovic2015subaru,
  title={The Subaru coronagraphic extreme adaptive optics system: enabling high-contrast imaging on solar-system scales},
  author={Jovanovic, N and Martinache, Frantz and Guyon, Olivier and Clergeon, Christophe and Singh, Garima and Kudo, Tomoyuki and Garrel, Vincent and Newman, Kevin and Doughty, D and Lozi, Julien and others},
  journal={Publications of the Astronomical Society of the Pacific},
  volume={127},
  number={955},
  pages={890},
  year={2015},
  publisher={IOP Publishing}
}

@inproceedings{hedglen2018optical,
  title={Optical field/pupil rotator with a novel compact K-mirror for MagAO-X},
  author={Hedglen, Alexander D and Close, Laird M and Males, Jared R and Durney, Olivier},
  booktitle={Adaptive Optics Systems VI},
  volume={10703},
  pages={1070355},
  year={2018},
  organization={International Society for Optics and Photonics}
}

@INPROCEEDINGS{biller_sdi,
       author = {{Biller}, Beth A. and {Close}, Laird and {Lenzen}, Rainer and {Brand
        ner}, Wolfgang and {McCarthy}, Donald W. and {Nielsen}, Eric and
         {Hartung}, Markus},
        title = "{Suppressing speckle noise for simultaneous differential extrasolar planet imaging (SDI) at the VLT and MMT}",
    booktitle = {Advancements in Adaptive Optics},
         year = 2004,
       editor = {{Bonaccini Calia}, Domenico and {Ellerbroek}, Brent L. and
         {Ragazzoni}, Roberto},
       series = {Society of Photo-Optical Instrumentation Engineers (SPIE) Conference Series},
       volume = {5490},
        month = oct,
        pages = {389-397},
          doi = {10.1117/12.552164},
       adsurl = {https://ui.adsabs.harvard.edu/abs/2004SPIE.5490..389B},
      adsnote = {Provided by the SAO/NASA Astrophysics Data System}
}

@book{greivenkamp2004field,
  title={Field guide to geometrical optics},
  author={Greivenkamp, John E},
  volume={1},
  year={2004},
  publisher={SPIE press Bellingham, WA}
}

@inproceedings{tozzi2008double,
  title={The double pyramid wavefront sensor for LBT},
  author={Tozzi, A and Stefanini, P and Pinna, E and Esposito, S},
  booktitle={Adaptive Optics Systems},
  volume={7015},
  pages={701558},
  year={2008},
  organization={International Society for Optics and Photonics}
}
@inproceedings{close2018optical,
  title={Optical and mechanical design of the extreme AO coronagraphic instrument MagAO-X},
  author={Close, Laird M and Males, Jared R and Durney, Olivier and Sauve, Corwynn and Kautz, Maggie and Hedglen, Alex and Schatz, Lauren and Lumbres, Jennifer and Miller, Kelsey and Van Gorkom, Kyle and others},
  booktitle={Adaptive Optics Systems VI},
  volume={10703},
  pages={107034Y},
  year={2018},
  organization={International Society for Optics and Photonics}
}

@book{kingslake2009lens,
  title={Lens design fundamentals},
  author={Kingslake, Rudolf and Johnson, R Barry},
  year={2009},
  publisher={academic press}
}

@inproceedings{morzinski2014magao,
  title={MagAO: Status and on-sky performance of the Magellan adaptive optics system},
  author={Morzinski, Katie M and Close, Laird M and Males, Jared R and Kopon, Derek and Hinz, Phil M and Esposito, Simone and Riccardi, Armando and Puglisi, Alfio and Pinna, Enrico and Briguglio, Runa and others},
  booktitle={Adaptive Optics Systems IV},
  volume={9148},
  pages={914804},
  year={2014},
  organization={International Society for Optics and Photonics}
}

@article{sasian2017method,
  title={Method to design apochromat and superachromat objectives},
  author={Sasian, Jose and Gao, Weichuan and Yan, Yufeng},
  journal={Optical Engineering},
  volume={56},
  number={10},
  pages={105106},
  year={2017},
  publisher={International Society for Optics and Photonics}
}

@article{akeson2013nasa,
  title={The NASA exoplanet archive: data and tools for exoplanet research},
  author={Akeson, RL and Chen, X and Ciardi, D and Crane, M and Good, J and Harbut, M and Jackson, E and Kane, SR and Laity, AC and Leifer, S and others},
  journal={Publications of the Astronomical Society of the Pacific},
  volume={125},
  number={930},
  pages={989},
  year={2013},
  publisher={IOP Publishing}
}

@article{morzinski2015magellan,
  title={Magellan adaptive optics first-light observations of the exoplanet $\beta$ Pic b. II. 3--5 $\mu$m direct imaging with MagAO+ Clio, and the empirical bolometric luminosity of a self-luminous giant planet},
  author={Morzinski, Katie M and Males, Jared R and Skemer, Andy J and Close, Laird M and Hinz, Phil M and Rodigas, TJ and Puglisi, Alfio and Esposito, Simone and Riccardi, Armando and Pinna, Enrico and others},
  journal={The Astrophysical Journal},
  volume={815},
  number={2},
  pages={108},
  year={2015},
  publisher={IOP Publishing}
}


@article{skemer2012first,
  title={First light LBT AO images of HR 8799 bcde at 1.6 and 3.3 $\mu$m: New discrepancies between young planets and old brown dwarfs},
  author={Skemer, Andrew J and Hinz, Philip M and Esposito, Simone and Burrows, Adam and Leisenring, Jarron and Skrutskie, Michael and Desidera, Silvano and Mesa, Dino and Arcidiacono, Carmelo and Mannucci, Filippo and others},
  journal={The Astrophysical Journal},
  volume={753},
  number={1},
  pages={14},
  year={2012},
  publisher={IOP Publishing}
}

@inproceedings{snik2012vector,
  title={The vector-APP: a broadband apodizing phase plate that yields complementary PSFs},
  author={Snik, Frans and Otten, Gilles and Kenworthy, Matthew and Miskiewicz, Matthew and Escuti, Michael and Packham, Christopher and Codona, Johanan},
  booktitle={Modern Technologies in Space-and Ground-based Telescopes and Instrumentation II},
  volume={8450},
  pages={84500M},
  year={2012},
  organization={International Society for Optics and Photonics}
}

@article{rodigas2014morphology,
  title={On the morphology and chemical composition of the hr 4796a debris disk},
  author={Rodigas, Timothy J and Stark, Christopher C and Weinberger, Alycia and Debes, John H and Hinz, Philip M and Close, Laird and Chen, Christine and Smith, Paul S and Males, Jared R and Skemer, Andrew J and others},
  journal={The Astrophysical Journal},
  volume={798},
  number={2},
  pages={96},
  year={2014},
  publisher={IOP Publishing}
}

@article{imanishi2020subaru,
  title={Subaru Infrared Adaptive Optics-assisted High-spatial-resolution Imaging Search for Luminous Dual Active Galactic Nuclei in Nearby Ultraluminous Infrared Galaxies},
  author={Imanishi, Masatoshi and Kawamuro, Taiki and Kikuta, Satoshi and Nakano, Suzuka and Saito, Yuriko},
  journal={The Astrophysical Journal},
  volume={891},
  number={2},
  pages={140},
  year={2020},
  publisher={IOP Publishing}
}

@article{bowler2016imaging,
  title={Imaging extrasolar giant planets},
  author={Bowler, Brendan P},
  journal={Publications of the Astronomical Society of the Pacific},
  volume={128},
  number={968},
  pages={102001},
  year={2016},
  publisher={IOP Publishing}
}

@article{soummer2004apodized,
  title={Apodized pupil Lyot coronagraphs for arbitrary telescope apertures},
  author={Soummer, R{\'e}mi},
  journal={The Astrophysical Journal Letters},
  volume={618},
  number={2},
  pages={L161},
  year={2004},
  publisher={IOP Publishing}
}

@article{foo2005optical,
  title={Optical vortex coronagraph},
  author={Foo, Gregory and Palacios, David M and Swartzlander, Grover A},
  journal={Optics letters},
  volume={30},
  number={24},
  pages={3308--3310},
  year={2005},
  publisher={Optical Society of America}
}

@article{rampy2012production,
  title={Production of phase screens for simulation of atmospheric turbulence},
  author={Rampy, Rachel and Gavel, Don and Dillon, Daren and Thomas, Sandrine},
  journal={Applied optics},
  volume={51},
  number={36},
  pages={8769--8778},
  year={2012},
  publisher={Optical Society of America}
}

@article{sanders2013thirty,
  title={The thirty meter telescope (tmt): An international observatory},
  author={Sanders, Gary H},
  journal={Journal of Astrophysics and Astronomy},
  volume={34},
  number={2},
  pages={81--86},
  year={2013},
  publisher={Springer}
}

@article{seager2015search,
  title={The search for signs of life on exoplanets at the interface of chemistry and planetary science},
  author={Seager, Sara and Bains, William},
  journal={Science advances},
  volume={1},
  number={2},
  pages={e1500047},
  year={2015},
  publisher={American Association for the Advancement of Science}
}


@article{wright2012exoplanet,
  title={Exoplanet detection methods},
  author={Wright, Jason T and Gaudi, B Scott},
  journal={arXiv preprint arXiv:1210.2471},
  year={2012}
}

@inproceedings{goebel2016evolutionary,
  title={Evolutionary timescales of AO-produced speckles at NIR wavelengths},
  author={Goebel, Sean B and Guyon, Olivier and Hall, Donald NB and Jovanovic, Nemanja and Atkinson, Dani E},
  booktitle={Adaptive Optics Systems V},
  volume={9909},
  pages={990918},
  year={2016},
  organization={International Society for Optics and Photonics}
}

@INPROCEEDINGS{2020AAS...23528008P,
       author = {{Perrin}, M. and {Brady}, G. and {Comeau}, T. and {Fowler}, J. and {Gontrum}, R. and {Hagopian}, J. and {Kautz}, M. and {Kurtz}, H. and {Laginja}, I. and {McChesney}, E. and {Noss}, J. and {Petrone}, P. and {Por}, E. and {Pueyo}, L. and {Sauvage}, J. and {Scott}, N. and {Shiri}, R. and {Sivaramakrishnan}, A. and {Subedi}, H. and {Valenzuela}, A. and {Weinstock}, S. and {Will}, S. and {Zhang}, R. and {Soummer}, R.},
        title = "{Coronagraphy for segmented apertures: Results from demonstrations on the HICAT testbed}",
    booktitle = {American Astronomical Society Meeting Abstracts \#235},
         year = 2020,
       series = {American Astronomical Society Meeting Abstracts},
       volume = {235},
        month = jan,
          eid = {280.08},
        pages = {280.08},
       adsurl = {https://ui.adsabs.harvard.edu/abs/2020AAS...23528008P},
      adsnote = {Provided by the SAO/NASA Astrophysics Data System}
}

@INPROCEEDINGS{2014SPIE.9143E..27N,
       author = {{N'Diaye}, Mamadou and {Choquet}, Elodie and {Egron}, Sylvain and {Pueyo}, Laurent and {Leboulleux}, Lucie and {Levecq}, Olivier and {Perrin}, Marshall D. and {Elliot}, Erin and {Wallace}, J. Kent and {Hugot}, Emmanuel and {Marcos}, Michel and {Ferrari}, Marc and {Long}, Chris A. and {Anderson}, Rachel and {DiFelice}, Audrey and {Soummer}, R{\'e}mi},
        title = "{High-contrast Imager for Complex Aperture Telescopes (HICAT): II. Design overview and first light results}",
     keywords = {Astrophysics - Instrumentation and Methods for Astrophysics, Astrophysics - Earth and Planetary Astrophysics},
    booktitle = {Space Telescopes and Instrumentation 2014: Optical, Infrared, and Millimeter Wave},
         year = 2014,
       editor = {{Oschmann}, Jacobus M., Jr. and {Clampin}, Mark and {Fazio}, Giovanni G. and {MacEwen}, Howard A.},
       series = {Society of Photo-Optical Instrumentation Engineers (SPIE) Conference Series},
       volume = {9143},
        month = aug,
          eid = {914327},
        pages = {914327},
          doi = {10.1117/12.2056694},
archivePrefix = {arXiv},
       eprint = {1407.0980},
 primaryClass = {astro-ph.IM},
       adsurl = {https://ui.adsabs.harvard.edu/abs/2014SPIE.9143E..27N},
      adsnote = {Provided by the SAO/NASA Astrophysics Data System}
}


@article{martinez2007optimization,
  title={Optimization of apodized pupil Lyot coronagraph for ELTs},
  author={Martinez, P and Boccaletti, A and Kasper, M and Baudoz, P and Cavarroc, C},
  journal={Astronomy \& Astrophysics},
  volume={474},
  number={2},
  pages={671--678},
  year={2007},
  publisher={EDP Sciences}
}

@INPROCEEDINGS{2019AAS...23420802K,
       author = {{Kruk}, Jeffrey W.},
        title = "{WFIRST: Project Overview and Status}",
    booktitle = {American Astronomical Society Meeting Abstracts \#234},
         year = 2019,
       series = {American Astronomical Society Meeting Abstracts},
       volume = {234},
        month = jun,
          eid = {208.02},
        pages = {208.02},
       adsurl = {https://ui.adsabs.harvard.edu/abs/2019AAS...23420802K},
      adsnote = {Provided by the SAO/NASA Astrophysics Data System}
}

@INPROCEEDINGS{2021BAAS...53c0301G,
       author = {{Gaudi}, B. and {Roberge}, A. and {Habex Team} and {Luvoir Study Team}},
        title = "{Tools to Find Living Worlds: The HabEx and LUVOIR Mission Concepts}",
    booktitle = {Bulletin of the American Astronomical Society},
         year = 2021,
       volume = {53},
        month = mar,
          eid = {0301},
        pages = {0301},
       adsurl = {https://ui.adsabs.harvard.edu/abs/2021BAAS...53c0301G},
      adsnote = {Provided by the SAO/NASA Astrophysics Data System}
}

@inproceedings{jovanovic2018high,
  title={High-contrast spectroscopy testbed for Segmented Telescopes: instrument overview and development progress},
  author={Jovanovic, N and Ruane, G and Echeverri, D and Delorme, JR and Mawet, D and Fucik, J and Wallace, JK and Coker, C and Delacroix, A and Levraud, N and others},
  booktitle={Ground-based and Airborne Instrumentation for Astronomy VII},
  volume={10702},
  pages={107024E},
  year={2018},
  organization={International Society for Optics and Photonics}
}

@INPROCEEDINGS{2019SPIE11117E..1FR,
       author = {{Ruane}, Garreth and {Mawet}, Dimitri and {Riggs}, A.~J. Eldorado and {Serabyn}, Eugene},
        title = "{Scalar vortex coronagraph mask design and predicted performance}",
     keywords = {Astrophysics - Instrumentation and Methods for Astrophysics, Physics - Optics},
    booktitle = {Society of Photo-Optical Instrumentation Engineers (SPIE) Conference Series},
         year = 2019,
       series = {Society of Photo-Optical Instrumentation Engineers (SPIE) Conference Series},
       volume = {11117},
        month = sep,
          eid = {111171F},
        pages = {111171F},
          doi = {10.1117/12.2528625},
archivePrefix = {arXiv},
       eprint = {1908.09786},
 primaryClass = {astro-ph.IM},
       adsurl = {https://ui.adsabs.harvard.edu/abs/2019SPIE11117E..1FR},
      adsnote = {Provided by the SAO/NASA Astrophysics Data System}
}



@article{mazoyer2019high,
  title={High-contrast testbeds for future space-based direct imaging exoplanet missions},
  author={Mazoyer, Johan and Baudoz, Pierre and Belikov, Ruslan and Crill, Brendan and Fogarty, Kevin and Galicher, Raphael and Groff, Tyler and Guyon, Olivier and Juanola-Parramon, Roser and Kasdin, Jeremy and others},
  journal={arXiv preprint arXiv:1907.09508},
  year={2019}
}
@ARTICLE{2020PASP..132j4502C,
       author = {{Currie}, Thayne and {Pluzhnik}, Eugene and {Guyon}, Olivier and {Belikov}, Ruslan and {Miller}, Kelsey and {Bos}, Steven and {Males}, Jared and {Sirbu}, Dan and {Bond}, Charlotte and {Frazin}, Richard and {Groff}, Tyler and {Kern}, Brian and {Lozi}, Julien and {Mazin}, Benjamin A. and {Nemati}, Bijan and {Norris}, Barnaby and {Subedi}, Hari and {Will}, Scott},
        title = "{Laboratory Demonstration of Spatial Linear Dark Field Control For Imaging Extrasolar Planets in Reflected Light}",
      journal = {\pasp},
     keywords = {Astronomical instrumentation, Exoplanet detection methods, Exoplanets, Astrophysics - Instrumentation and Methods for Astrophysics, Astrophysics - Earth and Planetary Astrophysics},
         year = 2020,
        month = oct,
       volume = {132},
       number = {1016},
          eid = {104502},
        pages = {104502},
          doi = {10.1088/1538-3873/aba9ad},
archivePrefix = {arXiv},
       eprint = {2007.14413},
 primaryClass = {astro-ph.IM},
       adsurl = {https://ui.adsabs.harvard.edu/abs/2020PASP..132j4502C},
      adsnote = {Provided by the SAO/NASA Astrophysics Data System}
}

@article{belikov2014ames,
  title={Ames Coronagraph Experiment: Enabling Missions to Directly Image Exoplanets},
  author={Belikov, Ruslan},
  year={2014}
}
@INPROCEEDINGS{2020AAS...23544704O,
       author = {{O'Meara}, J. and {Luvoir Mission Concept Study Team}},
        title = "{The LUVOIR Mission Concept: Telling the Story of Life in the Universe}",
    booktitle = {American Astronomical Society Meeting Abstracts \#235},
         year = 2020,
       series = {American Astronomical Society Meeting Abstracts},
       volume = {235},
        month = jan,
          eid = {447.04},
        pages = {447.04},
       adsurl = {https://ui.adsabs.harvard.edu/abs/2020AAS...23544704O},
      adsnote = {Provided by the SAO/NASA Astrophysics Data System}
}

@ARTICLE{2017JATIS...3d9002M,
       author = {{Miller}, Kelsey and {Guyon}, Olivier and {Males}, Jared},
        title = "{Spatial linear dark field control: stabilizing deep contrast for exoplanet imaging using bright speckles}",
      journal = {Journal of Astronomical Telescopes, Instruments, and Systems},
     keywords = {Astrophysics - Instrumentation and Methods for Astrophysics},
         year = 2017,
        month = oct,
       volume = {3},
          eid = {049002},
        pages = {049002},
          doi = {10.1117/1.JATIS.3.4.049002},
archivePrefix = {arXiv},
       eprint = {1703.04259},
 primaryClass = {astro-ph.IM},
       adsurl = {https://ui.adsabs.harvard.edu/abs/2017JATIS...3d9002M},
      adsnote = {Provided by the SAO/NASA Astrophysics Data System}
}

@ARTICLE{2017arXiv170607377G,
       author = {{Guyon}, Olivier and {Miller}, Kelsey and {Males}, Jared and {Belikov}, Ruslan and {Kern}, Brian},
        title = "{Spectral Linear Dark Field Control: Stabilizing Deep Contrast for Exoplanet Imaging Using out-of-band Speckle Field}",
      journal = {arXiv e-prints},
     keywords = {Astrophysics - Instrumentation and Methods for Astrophysics},
         year = 2017,
        month = jun,
          eid = {arXiv:1706.07377},
        pages = {arXiv:1706.07377},
archivePrefix = {arXiv},
       eprint = {1706.07377},
 primaryClass = {astro-ph.IM},
       adsurl = {https://ui.adsabs.harvard.edu/abs/2017arXiv170607377G},
      adsnote = {Provided by the SAO/NASA Astrophysics Data System}
}


@ARTICLE{2019JATIS...5d9004M,
       author = {{Miller}, Kelsey and {Males}, Jared R. and {Guyon}, Olivier and {Close}, Laird M. and {Doelman}, David and {Snik}, Frans and {Por}, Emiel and {Wilby}, Michael J. and {Keller}, Christoph and {Bohlman}, Chris and {Van Gorkom}, Kyle and {Rodack}, Alexander and {Knight}, Justin and {Lumbres}, Jennifer and {Bos}, Steven and {Jovanovic}, Nemanja},
        title = "{Spatial linear dark field control and holographic modal wavefront sensing with a vAPP coronagraph on MagAO-X}",
      journal = {Journal of Astronomical Telescopes, Instruments, and Systems},
         year = 2019,
        month = oct,
       volume = {5},
          eid = {049004},
        pages = {049004},
          doi = {10.1117/1.JATIS.5.4.049004},
       adsurl = {https://ui.adsabs.harvard.edu/abs/2019JATIS...5d9004M},
      adsnote = {Provided by the SAO/NASA Astrophysics Data System}
}


@article{haffert2021data,
  title={Data-driven subspace predictive control of adaptive optics for high-contrast imaging},
  author={Haffert, Sebastiaan Y and Males, Jared R and Close, Laird M and Van Gorkom, Kyle and Long, Joseph D and Hedglen, Alexander D and Guyon, Olivier and Schatz, Lauren and Kautz, Maggie Y and Lumbres, Jennifer and others},
  journal={Journal of Astronomical Telescopes, Instruments, and Systems},
  volume={7},
  number={2},
  pages={029001},
  year={2021},
  publisher={International Society for Optics and Photonics}
}

@inproceedings{shi2017dynamic,
  title={Dynamic testbed demonstration of WFIRST coronagraph low order wavefront sensing and control (LOWFS/C)},
  author={Shi, Fang and Cady, Eric and Seo, Byoung-Joon and An, Xin and Balasubramanian, Kunjithapatham and Kern, Brian and Lam, Raymond and Marx, David and Moody, Dwight and Prada, Camilo Mejia and others},
  booktitle={Techniques and Instrumentation for Detection of Exoplanets VIII},
  volume={10400},
  pages={104000D},
  year={2017},
  organization={International Society for Optics and Photonics}
}


@inproceedings{males2014direct,
  title={Direct imaging of exoplanets in the habitable zone with adaptive optics},
  author={Males, Jared R and Close, Laird M and Guyon, Olivier and Morzinski, Katie and Puglisi, Alfio and Hinz, Philip and Follette, Katherine B and Monnier, John D and Tolls, Volker and Rodigas, Timothy J and others},
  booktitle={Adaptive Optics Systems IV},
  volume={9148},
  pages={914820},
  year={2014},
  organization={International Society for Optics and Photonics}
}




@inproceedings{jovanovic2016scexao,
  title={The SCExAO high contrast imager: transitioning from commissioning to science},
  author={Jovanovic, Nemanja and Guyon, Olivier and Lozi, J and Currie, T and Hagelberg, J and Norris, B and Singh, G and Pathak, P and Doughty, D and Goebel, S and others},
  booktitle={Adaptive Optics Systems V},
  volume={9909},
  pages={99090W},
  year={2016},
  organization={International Society for Optics and Photonics}
}

@inproceedings{clergeon2018subaru,
  title={Subaru AO188 upgrade phase 1: integration of the new real-time system},
  author={Clergeon, Christophe and Minowa, Yosuke and Guyon, Olivier and Ono, Yoshito and Mieda, Etsuko and Skaf, Nour and Yoshida, Hiroshige and Hayano, Yukata and Hattori, Takashi and Schubert, Kiaina and others},
  booktitle={Adaptive Optics Systems VI},
  volume={10703},
  pages={1070337},
  year={2018},
  organization={International Society for Optics and Photonics}
}

@article{gaudi2020habitable,
  title={The Habitable exoplanet observatory (HabEx) mission concept study final report},
  author={Gaudi, B Scott and Seager, Sara and Mennesson, Bertrand and Kiessling, Alina and Warfield, Keith and Cahoy, Kerri and Clarke, John T and Domagal-Goldman, Shawn and Feinberg, Lee and Guyon, Olivier and others},
  journal={arXiv preprint arXiv:2001.06683},
  year={2020}
}

@article{guyon2018extreme,
  title={Extreme adaptive optics},
  author={Guyon, Olivier},
  journal={Annual Review of Astronomy and Astrophysics},
  volume={56},
  pages={315--355},
  year={2018},
  publisher={Annual Reviews}
}



@inproceedings{guyon2018compute,
  title={The compute and control for adaptive optics (CACAO) real-time control software package},
  author={Guyon, Olivier and Sevin, Arnaud and Gratadour, Damien and Bernard, Julien and Ltaief, Hatem and Sukkari, Dalal and Cetre, Sylvain and Skaf, Nour and Lozi, Julien and Martinache, Frantz and others},
  booktitle={Adaptive Optics Systems VI},
  volume={10703},
  pages={107031E},
  year={2018},
  organization={International Society for Optics and Photonics}
}



@article{correia2020performance,
  title={Performance limits of adaptive-optics/high-contrast imagers with pyramid wavefront sensors},
  author={Correia, Carlos M and Fauvarque, Olivier and Bond, Charlotte Z and Chambouleyron, Vincent and Sauvage, Jean-Fran{\c{c}}ois and Fusco, Thierry},
  journal={Monthly Notices of the Royal Astronomical Society},
  volume={495},
  number={4},
  pages={4380--4391},
  year={2020},
  publisher={Oxford University Press}
}

@article{verinaud2004nature,
  title={On the nature of the measurements provided by a pyramid wave-front sensor},
  author={V{\'e}rinaud, Christophe},
  journal={Optics Communications},
  volume={233},
  number={1-3},
  pages={27--38},
  year={2004},
  publisher={Elsevier}
}


 @misc{CHAOTIC, 
 title={Community of Adaptive OpTics and hIgh Contrast testbeds}, url={https://sites.google.com/view/highcontrastlabs/home}, journal={Community of Adaptive OpTics and hIgh Contrast testbedsHome}, author={Laginja, Iva and Leboulleux, Lucie and Brooks, Keira and Jensen-Clem, Rebecca}} 
 
 @inproceedings{neichel2016adaptive,
  title={The adaptive optics modes for HARMONI: from Classical to Laser Assisted Tomographic AO},
  author={Neichel, B and Fusco, T and Sauvage, J-F and Correia, C and Dohlen, K and El-Hadi, K and Blanco, L and Schwartz, N and Clarke, F and Thatte, NA and others},
  booktitle={Adaptive Optics Systems V},
  volume={9909},
  pages={990909},
  year={2016},
  organization={International Society for Optics and Photonics}
}

@inproceedings{esposito2011adaptive,
  title={Adaptive Optics at the LBT telescope: from NGS to LGS and interferometry},
  author={Esposito, S and Herbst, T and Hinz, P and Rabien, S},
  booktitle={Adaptive Optics: Methods, Analysis and Applications},
  pages={AMA2},
  year={2011},
  organization={Optical Society of America}
}